<?xml version="1.0" encoding="UTF-8"?><collection xmlns="http://www.loc.gov/MARC21/slim"><record><leader>00333nam--2200109-i-4500</leader><controlfield tag="001">000020383</controlfield><controlfield tag="002">20161230</controlfield><controlfield tag="005">20161230201033</controlfield><controlfield tag="008">060222s1000------------r-----000-0-eng-d</controlfield><datafield ind1=" " ind2=" " tag="245"><subfield code="a">Einfuhrung in die naturphilosophie. naturerkenntnis und wirklichkeit.von:hans sachsse</subfield></datafield><datafield ind1=" " ind2=" " tag="260"><subfield code="a">Braunschweig, Friedr.Vieweg And Sohn, 1967-</subfield></datafield><datafield ind1=" " ind2=" " tag="852"><subfield code="a">76732</subfield></datafield></record></collection>